<?xml version='1.0' encoding='utf-8'?>
<record xmlns="http://www.loc.gov/MARC21/slim" xmlns:xsi="http://www.w3.org/2001/XMLSchema-instance">
  <leader>00000nas^a2200265^a^4500</leader>
  <controlfield tag="001">005864149</controlfield>
  <controlfield tag="005">20081007084325.0</controlfield>
  <controlfield tag="008">081002d195u1975miumr^p^^^^^^^0^^^a0eng^d</controlfield>
  <datafield tag="035" ind1=" " ind2=" ">
    <subfield code="a">(OCoLC)259757963</subfield>
  </datafield>
  <datafield tag="035" ind1=" " ind2=" ">
    <subfield code="a">(OCoLC)ocn259757963</subfield>
  </datafield>
  <datafield tag="040" ind1=" " ind2=" ">
    <subfield code="a">BEU</subfield>
    <subfield code="c">BEU</subfield>
  </datafield>
  <datafield tag="049" ind1=" " ind2=" ">
    <subfield code="a">BEUA</subfield>
  </datafield>
  <datafield tag="245" ind1="0" ind2="4">
    <subfield code="a">The wolverine auxiliaire.</subfield>
  </datafield>
  <datafield tag="260" ind1=" " ind2=" ">
    <subfield code="a">Howell, Mich. :</subfield>
    <subfield code="b">American Legion Auxiliary Dept. of Michigan.</subfield>
  </datafield>
  <datafield tag="300" ind1=" " ind2=" ">
    <subfield code="a">23 v. :</subfield>
    <subfield code="b">ill. ;</subfield>
    <subfield code="c">26-37 cm.</subfield>
  </datafield>
  <datafield tag="310" ind1=" " ind2=" ">
    <subfield code="a">Monthly</subfield>
  </datafield>
  <datafield tag="362" ind1="1" ind2=" ">
    <subfield code="a">Ceased with v. 23, no. 11 (July/Aug. 1975).</subfield>
  </datafield>
  <datafield tag="500" ind1=" " ind2=" ">
    <subfield code="a">Description based on: Vol. 1, no. 9 (Sept. 1952) ; title from cover.</subfield>
  </datafield>
  <datafield tag="580" ind1=" " ind2=" ">
    <subfield code="a">Absorbed by Michigan legionnaire.</subfield>
  </datafield>
  <datafield tag="610" ind1="2" ind2="0">
    <subfield code="a">American Legion.</subfield>
    <subfield code="b">Auxiliary .</subfield>
    <subfield code="b">Dept. of Michigan</subfield>
    <subfield code="v">Periodicals.</subfield>
  </datafield>
  <datafield tag="650" ind1=" " ind2="0">
    <subfield code="a">Women</subfield>
    <subfield code="z">Michigan</subfield>
    <subfield code="x">Societies and clubs</subfield>
    <subfield code="v">Periodicals.</subfield>
  </datafield>
  <datafield tag="710" ind1="2" ind2=" ">
    <subfield code="a">American Legion.</subfield>
    <subfield code="b">Auxiliary.</subfield>
    <subfield code="b">Dept. of Michigan.</subfield>
  </datafield>
  <datafield tag="785" ind1="1" ind2="4">
    <subfield code="t">Michigan legionnaire</subfield>
    <subfield code="w">(OCoLC)10128691</subfield>
  </datafield>
  <datafield tag="852" ind1="8" ind2=" ">
    <subfield code="a">MiU-H</subfield>
    <subfield code="b">BENT</subfield>
    <subfield code="h">2008151 Aa 2</subfield>
  </datafield>
  <datafield tag="997" ind1=" " ind2=" ">
    <subfield code="a">MARS</subfield>
  </datafield>
  <datafield tag="998" ind1=" " ind2=" ">
    <subfield code="c">LAC</subfield>
  </datafield>
  <datafield tag="955" ind1=" " ind2=" ">
    <subfield code="b">BENT</subfield>
    <subfield code="p">39015071511086</subfield>
    <subfield code="z">v.1:no.9 (1952:Sept.), v.2:no.1 (1953:Jan.)-v.2:no.5 (1953:May), v.2:no.7 (1953:July)-v.2:no.9 (1953:Sept.), v.3:no.2 (1954:Feb.)-v.4:no.7 (1955:July), v.4:no.9 (1955:Sept.)-v.4:no.12 (1955:Dec.)</subfield>
  </datafield>
  <datafield tag="955" ind1=" " ind2=" ">
    <subfield code="b">BENT</subfield>
    <subfield code="p">39015071511094</subfield>
    <subfield code="z">v.10 (1960); v.11:no.1 (1961:Jan.)-v.11:no.7 (1961:July)</subfield>
  </datafield>
  <datafield tag="955" ind1=" " ind2=" ">
    <subfield code="b">BENT</subfield>
    <subfield code="p">39015071511102</subfield>
    <subfield code="z">v.7:no.1 (1958:Jan.)-v.7:no.8 (1958:Aug.); v.8:no.9 (1958:Sept.)-v.9:no.11 (1959:Dec.)</subfield>
  </datafield>
  <datafield tag="955" ind1=" " ind2=" ">
    <subfield code="b">BENT</subfield>
    <subfield code="p">39015071511110</subfield>
    <subfield code="z">v.5 (1956)-v.6 (1957)</subfield>
  </datafield>
  <datafield tag="955" ind1=" " ind2=" ">
    <subfield code="b">BENT</subfield>
    <subfield code="p">B3268199</subfield>
    <subfield code="z">v.11:no.8 (1961:Sept.)-v.23 (1975)</subfield>
  </datafield>
</record>
